
%
%  $Description: Sample bibliography$ 
% 
%  $Author: ienne $ 
%  $Date: 1995/09/15 15:19:53 $
%  $Revision: 1.3 $
%

@book{patterson1,
    author = "David A. Patterson and John L. Hennessy",
    title = "Organização e Projeto de Computadores: a interface hardware/software",
    publisher = "Elsevier",
    year = "2005",
    address = "Rio de Janeiro"
}

@monography{cruz1,
    author = "Vicente Silva Cruz",
    title = "Expansão da Arquitetura de Conjunto de Instruções MIPS para Suporte à Robótica",
    school = "Universidade Federal do Rio Grande do Sul",
    year = "2009",
    type = "TCC"
}

@misc{misc1,
    title = "Design of High Performance MIPS Cryptography Processor Based on T-DES Algorithm",
    url = "https://www.researchgate.net/MIPS-Instruction-Type_fig1_273471801",
    urlaccessdate = "17 out. 2018"
}

